@article{Miften,
author="M. Miften and Edward W. Larsen",
title="A Symmetrized Quasidiffusion Method For Solving Transport Problems In Multidimensional Geometries",
journal="Mathematical methods and supercomputing in nuclear applications",
volume="1",
year="1993",
pages="878",
}

@book{Marchuk,
author="Guri I. Marchuk",
title="Adjoint Equations and Analysis of Complex Systems",
publisher="Springer",
year="1995",
}

@phdthesis{Wiesel,
author="William A. Wieselquest",
titile="The Quasidiffusion Method for Transport Problems on Unstructured Meshes",
publisher="North Carolina State University",
year="2009",
}

@book{NRCVVUQ,
author={\relax National Research Council},
title="Assessing the Reliability of Complex Models. Mathematical and Statistical Foundations of Verification, Validation, and Uncertainty Quantification",
journal="Mathematical methods and supercomputing in nuclear applications",
publisher="The National Academic Press",
year="2010",
address="Washington D.C.",
}

@inbook{Wildey, 
place={United States}, 
title={Adjoint-Based a Posteriori Error Estimation and Uncertainty Quantification for Shock-Hydrodynamic Applications.}, url={http://www.osti.gov/scitech/servlets/purl/1279685}, 
abstractNote={Abstract not provided.}, 
author={Wildey, Timothy Michael and Jakeman, John Davis and Butler, Troy and Cyr, Eric C and Shadid, John N.}, 
year={2015}, 
month={Jul}}


@article{Stripling,
author={H. Stripling and M. Anitescu and M. Adams},
title={A Generalized Adjoint Framework for Sensitivity and Global Error Estimation in Time-Dependent Nuclear Reactor Simulations},
journal={Annals of Nuclear Energy},
volume={52},
year={2013},
pages={47-58},
month={Feburary}
}

@article{Reed,
author = {W. H. Reed},
title = {The Effectiveness of Acceleration Techniques for Iterative Methods in Transport Theory},
journal = {Nuclear Science and Engineering},
volume = {45},
number = {3},
pages = {245-254},
year  = {1971},
publisher = {Taylor & Francis},
doi = {10.13182/NSE71-A19077},
URL = {https://doi.org/10.13182/NSE71-A19077},
eprint = {https://doi.org/10.13182/NSE71-A19077}
}

@article{ReedHill,
title = {Triangular mesh methods for the neutron transport equation},
author = {Reed, W.H. and Hill, T.R.},
journal = {Tech. Report LA-UR-73-479, Los Alamos Scientific Laboratory},
place = { Los Alamos, NM},
year = 1973,
}


@article{Arnold,
author = {Douglas N. Arnold},
title = {An Interior Penalty Finite Element Method with Discontinuous Elements},
journal = {SIAM Journal on Numerical Analysis},
volume = {19},
number = {4},
pages = {742-760},
year = {1982},
doi = {10.1137/0719052},
URL = {https://doi.org/10.1137/0719052},
eprint = {https://doi.org/10.1137/0719052}
}