@article{Miften,
author="M. Miften and Edward W. Larsen",
title="A Symmetrized Quasidiffusion Method For Solving Transport Problems In Multidimensional Geometries",
journal="Mathematical methods and supercomputing in nuclear applications",
volume="1",
year="1993",
pages="878",
}

@book{Marchuk,
author="Guri I. Marchuk",
title="Adjoint Equations and Analysis of Complex Systems",
publisher="Springer",
year="1995",
}

@phdthesis{Wiesel,
author="William A. Wieselquest",
titile="The Quasidiffusion Method for Transport Problems on Unstructured Meshes",
publisher="North Carolina State University",
year="2009",
}

@book{NRCVVUQ,
author={\relax National Research Council},
title="Assessing the Reliability of Complex Models. Mathematical and Statistical Foundations of Verification, Validation, and Uncertainty Quantification",
journal="Mathematical methods and supercomputing in nuclear applications",
publisher="The National Academic Press",
year="2010",
address="Washington D.C.",
}

@inbook{Wildey, 
place={United States}, 
title={Adjoint-Based a Posteriori Error Estimation and Uncertainty Quantification for Shock-Hydrodynamic Applications.}, url={http://www.osti.gov/scitech/servlets/purl/1279685}, 
abstractNote={Abstract not provided.}, 
author={Wildey, Timothy Michael and Jakeman, John Davis and Butler, Troy and Cyr, Eric C and Shadid, John N.}, 
year={2015}, 
month={Jul}}


@article{Stripling,
author={H. Stripling and M. Anitescu and M. Adams},
title={A Generalized Adjoint Framework for Sensitivity and Global Error Estimation in Time-Dependent Nuclear Reactor Simulations},
journal={Annals of Nuclear Energy},
volume={52},
year={2013},
pages={47-58},
month={Feburary}
}