@article{Miften,
author="M. Miften and Edward W. Larsen",
title="A Symmetrized Quasidiffusion Method For Solving Transport Problems In Multidimensional Geometries",
journal="Mathematical methods and supercomputing in nuclear applications",
volume="1",
year="1993",
pages="878",
}

@book{Marchuk,
author="Guri I. Marchuk",
title="Adjoint Equations and Analysis of Complex Systems",
publisher="Springer",
year="1995",
}

@phdthesis{Wiesel,
author="William A. Wieselquest",
titile="The Quasidiffusion Method for Transport Problems on Unstructured Meshes",
publisher="North Carolina State University",
year="2009",
}

@book{NRCVVUQ,
author={\relax National Research Council},
title="Assessing the Reliability of Complex Models. Mathematical and Statistical Foundations of Verification, Validation, and Uncertainty Quantification",
journal="Mathematical methods and supercomputing in nuclear applications",
publisher="The National Academic Press",
year="2010",
address="Washington D.C.",
}

@inbook{Wildey, 
place={United States}, 
title={Adjoint-Based a Posteriori Error Estimation and Uncertainty Quantification for Shock-Hydrodynamic Applications.}, url={http://www.osti.gov/scitech/servlets/purl/1279685}, 
abstractNote={Abstract not provided.}, 
author={Wildey, Timothy Michael and Jakeman, John Davis and Butler, Troy and Cyr, Eric C and Shadid, John N.}, 
year={2015}, 
month={Jul}}


@article{Stripling,
author={H. Stripling and M. Anitescu and M. Adams},
title={A Generalized Adjoint Framework for Sensitivity and Global Error Estimation in Time-Dependent Nuclear Reactor Simulations},
journal={Annals of Nuclear Energy},
volume={52},
year={2013},
pages={47-58},
month={Feburary}
}

@article{Reed,
author = {W. H. Reed},
title = {The Effectiveness of Acceleration Techniques for Iterative Methods in Transport Theory},
journal = {Nuclear Science and Engineering},
volume = {45},
number = {3},
pages = {245-254},
year  = {1971},
publisher = {Taylor & Francis},
doi = {10.13182/NSE71-A19077},
URL = {https://doi.org/10.13182/NSE71-A19077},
eprint = {https://doi.org/10.13182/NSE71-A19077}
}

@article{ReedHill,
title = {Triangular mesh methods for the neutron transport equation},
author = {Reed, W.H. and Hill, T.R.},
journal = {Tech. Report LA-UR-73-479, Los Alamos Scientific Laboratory},
place = { Los Alamos, NM},
year = 1973,
}

@article{ReedProb,
title = {New difference schemes for the neutron transport equation},
author = {Reed, W.H.},
journal = {Nuclear Science and Engineering},
volume = {46},
number = {2},
pages = {309-314},
year  = {1971},
}

@article{Arnold,
author = {Douglas N. Arnold},
title = {An Interior Penalty Finite Element Method with Discontinuous Elements},
journal = {SIAM Journal on Numerical Analysis},
volume = {19},
number = {4},
pages = {742-760},
year = {1982},
doi = {10.1137/0719052},
URL = {https://doi.org/10.1137/0719052},
eprint = {https://doi.org/10.1137/0719052}
}

@article{Carey, 
author={V. Carey and H. Abbasi and I. Rodero and H. Kolla}, 
booktitle={2014 9th Workshop on Workflows in Support of Large-Scale Science}, 
title={Sensitivity Analysis for Time Dependent Problems: Optimal Checkpoint-Recompute HPC Workflows}, 
year={2014}, 
volume={}, 
number={}, 
pages={20-30}, 
keywords={parallel processing;sensitivity analysis;storage management;workflow management software;DNS;I/O requirements;adjoint-based SA;direct numerical simulation;forward state;last-in-first-out order;local SSDs;optimal checkpoint-recompute HPC workflows;output frequency reduction;power consumption;power overhead;regeneration window;sensitivity analysis;state storage;time dependent problems;time-reversal portion;turbulent combustion;uncertainty quantification;Analytical models;Checkpointing;Combustion;Computational modeling;Mathematical model;Sensitivity analysis}, 
doi={10.1109/WORKS.2014.15}, 
ISSN={}, 
month={Nov},}


@article{Li,
title = "Adjoint sensitivity analysis for time-dependent partial differential equations with adaptive mesh refinement",
journal = "Journal of Computational Physics",
volume = "198",
number = "1",
pages = "310 - 325",
year = "2004",
issn = "0021-9991",
doi = "https://doi.org/10.1016/j.jcp.2003.01.001",
url = "http://www.sciencedirect.com/science/article/pii/S0021999104000300",
author = "Shengtai Li and Linda Petzold",
keywords = "Adjoint method, Sensitivity analysis, Partial differential equations, Adjoint PDE, Discrete approach, Continuous approach, Adaptive mesh method"
}

@article{Cao,
title = "Adjoint sensitivity analysis for differential-algebraic equations: algorithms and software",
journal = "Journal of Computational and Applied Mathematics",
volume = "149",
number = "1",
pages = "171 - 191",
year = "2002",
note = "Scientific and Engineering Computations for the 21st Century - Me thodologies and Applications Proceedings of the 15th Toyota Conference",
issn = "0377-0427",
doi = "https://doi.org/10.1016/S0377-0427(02)00528-9",
url = "http://www.sciencedirect.com/science/article/pii/S0377042702005289",
author = "Yang Cao and Shengtai Li and Linda Petzold",
keywords = "Sensitivity analysis, Adjoint method, Differential-algebraic equations"
}

@article{Griewank,
author = {Griewank, Andreas and Walther, Andrea},
year = {2000},
month = {03},
pages = {19-45},
title = {Algorithm 799: Revolve: An implementation of checkpointing for the reverse or adjoint mode of computational differentiation},
volume = {26},
booktitle = {ACM Trans. Math. Softw.}
}

@article{Buchan,
title = "Linear and quadratic octahedral wavelets on the sphere for angular discretisations of the Boltzmann transport equation",
journal = "Annals of Nuclear Energy",
volume = "32",
number = "11",
pages = "1224 - 1273",
year = "2005",
issn = "0306-4549",
doi = "https://doi.org/10.1016/j.anucene.2005.01.005",
url = "http://www.sciencedirect.com/science/article/pii/S0306454905000356",
author = "A.G. Buchan and C.C. Pain and M.D. Eaton and R.P. Smedley-Stevenson and A.J.H. Goddard"
}